@article{Mcauley:2014:DSC:2582178.2556612,
 author = {Mcauley, Julian and Leskovec, Jure},
 title = {Discovering Social Circles in Ego Networks},
 journal = {ACM Trans. Knowl. Discov. Data},
 issue_date = {February 2014},
 volume = {8},
 number = {1},
 month = feb,
 year = {2014},
 issn = {1556-4681},
 pages = {4:1--4:28},
 articleno = {4},
 numpages = {28},
 url = {http://doi.acm.org/10.1145/2556612},
 doi = {10.1145/2556612},
 acmid = {2556612},
 publisher = {ACM},
 address = {New York, NY, USA},
 keywords = {Community detection, ego networks, machine learning, social circles},
}


@inproceedings{DBLP:conf/valuetools/FortunatoL09,
  author    = {Santo Fortunato and
               Andrea Lancichinetti},
  title     = {Community detection algorithms: a comparative analysis: invited presentation,
               extended abstract},
  booktitle = {4th International Conference on Performance Evaluation Methodologies
               and Tools, {VALUETOOLS} '09, Pisa, Italy, October 20-22, 2009},
  pages     = {27},
  year      = {2009},
  crossref  = {DBLP:conf/valuetools/2009},
  url       = {http://dx.doi.org/10.4108/ICST.VALUETOOLS2009.8046},
  doi       = {10.4108/ICST.VALUETOOLS2009.8046},
  timestamp = {Tue, 24 Mar 2015 18:02:57 +0100},
  biburl    = {http://dblp.uni-trier.de/rec/bib/conf/valuetools/FortunatoL09},
  bibsource = {dblp computer science bibliography, http://dblp.org}
}


@article{DBLP:journals/siamsc/KarypisK98,
  author    = {George Karypis and
               Vipin Kumar},
  title     = {A Fast and High Quality Multilevel Scheme for Partitioning Irregular
               Graphs},
  journal   = {{SIAM} J. Scientific Computing},
  volume    = {20},
  number    = {1},
  pages     = {359--392},
  year      = {1998},
  url       = {http://dx.doi.org/10.1137/S1064827595287997},
  doi       = {10.1137/S1064827595287997},
  timestamp = {Mon, 27 Jul 2015 18:25:50 +0200},
  biburl    = {http://dblp.uni-trier.de/rec/bib/journals/siamsc/KarypisK98},
  bibsource = {dblp computer science bibliography, http://dblp.org}
}


@article{DBLP:journals/ton/PujolESYLCR12,
  author    = {Josep M. Pujol and
               Vijay Erramilli and
               Georgos Siganos and
               Xiaoyuan Yang and
               Nikolaos Laoutaris and
               Parminder Chhabra and
               Pablo Rodriguez},
  title     = {The Little Engine(s) That Could: Scaling Online Social Networks},
  journal   = {{IEEE/ACM} Trans. Netw.},
  volume    = {20},
  number    = {4},
  pages     = {1162--1175},
  year      = {2012},
  url       = {http://dx.doi.org/10.1109/TNET.2012.2188815},
  doi       = {10.1109/TNET.2012.2188815},
  timestamp = {Sat, 08 Sep 2012 11:09:22 +0200},
  biburl    = {http://dblp.uni-trier.de/rec/bib/journals/ton/PujolESYLCR12},
  bibsource = {dblp computer science bibliography, http://dblp.org}
}


@article{Girvan2002,
  added-at = {2011-03-14T01:03:26.000+0100},
  author = {Girvan, M. and Newman, M. E. J.},
  biburl = {http://www.bibsonomy.org/bibtex/2da908a587645fb450af65cbbb63323a7/lantiq},
  file = {full paper:Girvan2002.pdf:PDF},
  groups = {public},
  interhash = {ecd7a48a37f660ab421472140168c892},
  intrahash = {da908a587645fb450af65cbbb63323a7},
  journal = {Proceedings of the National Academy of Sciences},
  keywords = {networks},
  number = 12,
  pages = {7821-7826},
  timestamp = {2012-09-07T04:14:24.000+0200},
  title = {Community structure in social and biological networks},
  username = {lantiq},
  volume = 99,
  year = 2002
}


@article{Rosvall2008,
  added-at = {2011-03-14T01:06:37.000+0100},
  author = {Rosvall, Martin and Bergstrom, Carl T.},
  biburl = {http://www.bibsonomy.org/bibtex/2ffe2c7ca3a20430f60dfd138e72df5f5/lantiq},
  file = {full paper:Rosvall2008.pdf:PDF},
  groups = {public},
  interhash = {8192f8db9fce0417034311e81a477838},
  intrahash = {ffe2c7ca3a20430f60dfd138e72df5f5},
  journal = {Proceedings of the National Academy of Sciences},
  keywords = {networks structure dynamics},
  number = 4,
  pages = {1118-1123},
  timestamp = {2011-08-28T03:11:48.000+0200},
  title = {Maps of random walks on complex networks reveal community structure},
  username = {lantiq},
  volume = 105,
  year = 2008
}


@article{kernighan_graph-partitioning1970,
  added-at = {2012-11-22T19:17:38.000+0100},
  author = {Kernighan, B.W. and Lin, S.},
  biburl = {http://www.bibsonomy.org/bibtex/29775c75c01f914a382cf65ec8791d4cc/wvdaalst},
  interhash = {5093718d77686d8ed33430f90f5d3318},
  intrahash = {9775c75c01f914a382cf65ec8791d4cc},
  journal = {The Bell Systems Technical Journal},
  keywords = {BPM collection imported},
  number = 2,
  timestamp = {2012-11-22T19:22:26.000+0100},
  title = {{An Efficient Heuristic Procedure for Partitioning Graphs}},
  volume = 49,
  year = 1970
}

@article{blondel2008fuc,
  added-at = {2009-03-04T08:24:28.000+0100},
  author = {Blondel, V.D. and Guillaume, J.L. and Lambiotte, R. and Mech, E.L.J.S.},
  biburl = {http://www.bibsonomy.org/bibtex/266b99a8248d2934e843f5314532340fb/folke},
  interhash = {e4065c1dcd8f12fac7996dc7b2fc9476},
  intrahash = {66b99a8248d2934e843f5314532340fb},
  journal = {J. Stat. Mech},
  keywords = {community detection modularity network},
  pages = {P10008},
  timestamp = {2009-03-04T08:24:28.000+0100},
  title = {{Fast unfolding of communities in large networks}},
  year = 2008
}

@inproceedings{conf/saso/RahimianPGJH13,
  added-at = {2014-09-24T00:00:00.000+0200},
  author = {Rahimian, Fatemeh and Payberah, Amir H. and Girdzijauskas, Sarunas and Jelasity, MÃ¡rk and Haridi, Seif},
  biburl = {http://www.bibsonomy.org/bibtex/24130a2febe5967322f7497b60cd0976e/dblp},
  booktitle = {SASO},
  crossref = {conf/saso/2013},
  ee = {http://doi.ieeecomputersociety.org/10.1109/SASO.2013.13},
  interhash = {8604d10935489b7fe37a6b5b2fe51197},
  intrahash = {4130a2febe5967322f7497b60cd0976e},
  keywords = {dblp},
  pages = {51-60},
  publisher = {IEEE Computer Society},
  timestamp = {2015-06-18T10:45:42.000+0200},
  title = {JA-BE-JA: A Distributed Algorithm for Balanced Graph Partitioning.},
  url = {http://dblp.uni-trier.de/db/conf/saso/saso2013.html#RahimianPGJH13},
  year = 2013
}

@inproceedings{conf/icde/YuanSCTL12,
  added-at = {2014-08-09T00:00:00.000+0200},
  author = {Yuan, Mindi and Stein, David and Carrasco, Berenice and da Trindade, Joana M. F. and Lu, Yi},
  biburl = {http://www.bibsonomy.org/bibtex/21cd1cc752263aa0440d6ce1950e9fcfc/dblp},
  booktitle = {ICDE Workshops},
  crossref = {conf/icde/2012w},
  editor = {Kementsietsidis, Anastasios and Salles, Marcos Antonio Vaz},
  ee = {http://doi.ieeecomputersociety.org/10.1109/ICDEW.2012.63},
  interhash = {e2a1c1930f778cbe152f132e0973e4a5},
  intrahash = {1cd1cc752263aa0440d6ce1950e9fcfc},
  isbn = {978-1-4673-1640-8},
  keywords = {dblp},
  pages = {205-212},
  publisher = {IEEE Computer Society},
  timestamp = {2015-06-21T09:29:45.000+0200},
  title = {Partitioning Social Networks for Fast Retrieval of Time-Dependent Queries.},
  url = {http://dblp.uni-trier.de/db/conf/icde/icdew2012.html#YuanSCTL12},
  year = 2012
}
